\documentclass{article}
\usepackage[spanish]{babel}
\usepackage[utf8]{inputenc}
\usepackage[backend=biber]{biblatex}
\bibliography{referencias}

\begin{document}
@article{CHIARIOTTI2019422,
title = {Acoustic beamforming for noise source localization â€“ Reviews, methodology and applications},
journal = {Mechanical Systems and Signal Processing},
volume = {120},
pages = {422-448},
year = {2019},
issn = {0888-3270},
doi = {https://doi.org/10.1016/j.ymssp.2018.09.019},
url = {https://www.sciencedirect.com/science/article/pii/S088832701830637X},
author = {Paolo Chiariotti and Milena Martarelli and Paolo Castellini},
keywords = {Acoustic beamforming, Acoustic imaging techniques, Noise source localization, Microphone arrays, Acoustic measurements}
}


\end{document}